@article{Dung,
author = "Dung, P. M.",
title = "{On the acceptability of arguments and its fundamental role in nonmonotonic reasoning, logic programming and n-persons games}",
journal = "Artificial Intelligence",
volume = "77",
number = "2",
pages = "321-357",
year = "1995"
}

@article{Egly,
author = "Egly, U. and Gaggl, S. A. and Woltran, S.",
title = "{Answer-Set Programming Encodings for Argumentation Frameworks}",
journal = "Argument {\&} Computation",
volume = "1",
number = "2",
pages = "147-177",
year = "2010"
}

@article{Gorogiannis,
author = "Gorogiannis, N. and Hunter, A.",
title = "{Instantiating abstract argumentation with classical logic arguments: Postulates and properties}",
journal = "Artificial Intelligence",
volume = "175",
number = "9-10",
pages = "1479-1497",
year = "2011"
}

@article{Caminada,
author = "Caminada, M. W. A. and Carnielli, W. A. and Dunne, P. E.",
title = "{Semi-stable semantics}",
journal = "Logic and Computation",
volume = "22",
number = "5",
pages = "1207-1254",
year = "2011"
}

@article{Baroni,
author = "Baroni, P. and Giacomin, M.",
title = "{On principle-based evaluation of extension-based argumentation semantics}",
journal = "Artificial Intelligence",
volume = "171",
number = "10-15",
pages = "675-700",
year = "2007"
}

@article{Dung2,
author = "Dung, P. M. and Mancarella, P. and Toni, F.",
title = "{Computing ideal sceptical argumentation}",
journal = "Artificial Intelligence",
volume = "171",
number = "10-15",
pages = "642-674",
year = "2007"
}

@inproceedings{Alferes,
author = "Alferes, J. J. and Dung, P. M. and Pereira, L. M.",
title = "{Scenario Semantics of Extended Logic Programs}",
booktitle = {Proceedings of the Second International Workshop on LPNMR},
pages = {334-348},
year = {1993},
crossref = {DBLP:conf/lpnmr/1993}
}

@proceedings{DBLP:conf/lpnmr/1993,
  editor    = {Pereira L. M. and Nerode A.},
  title     = {Proceedings of the Second International Workshop on LPNMR, Lisbon},
  series    = {Lecture Notes in Computer Science},
  publisher = {MIT Press},
  year      = {1993},
  isbn      = {0-262-66083-0},
}